<record><leader>00000cas a22000007a 4500</leader><controlfield tag="001">11294219</controlfield><controlfield tag="008">841022d18461855ctuwr ne      0    0eng d</controlfield><datafield ind1=" " ind2=" " tag="010"><subfield code="a">sn 84024794 </subfield></datafield><datafield ind1=" " ind2=" " tag="040"><subfield code="a">NPV</subfield><subfield code="b">eng</subfield><subfield code="c">NPV</subfield><subfield code="d">NYS</subfield><subfield code="d">NVF</subfield><subfield code="d">CNW</subfield><subfield code="d">OCL</subfield><subfield code="d">OCLCQ</subfield><subfield code="d">OCLCO</subfield></datafield><datafield ind1=" " ind2=" " tag="042"><subfield code="a">msc</subfield></datafield><datafield ind1=" " ind2=" " tag="043"><subfield code="a">n-us-ct</subfield></datafield><datafield ind1="0" ind2=" " tag="130"><subfield code="a">Derby journal (Birmingham, Conn. : 1846)</subfield></datafield><datafield ind1="1" ind2="4" tag="245"><subfield code="a">The Derby journal.</subfield></datafield><datafield ind1=" " ind2=" " tag="260"><subfield code="a">Birmingham [Derby], Conn. :</subfield><subfield code="b">Hotchkiss &amp; Newson</subfield></datafield><datafield ind1=" " ind2=" " tag="300"><subfield code="a">v. :</subfield><subfield code="b">ill. (chiefly advertisments)</subfield></datafield><datafield ind1=" " ind2=" " tag="310"><subfield code="a">Weekly</subfield></datafield><datafield ind1="0" ind2=" " tag="362"><subfield code="a">Vol. 1, no. 1 (Dec. 25, 1846)-</subfield></datafield><datafield ind1="1" ind2=" " tag="362"><subfield code="a">Ceased in 1855.</subfield></datafield><datafield ind1=" " ind2=" " tag="500"><subfield code="a">Birmingham became known as Derby, ca. 1893.</subfield></datafield><datafield ind1=" " ind2=" " tag="500"><subfield code="a">"Devoted to general intelligence, agriculture, mechanics, manufactures, science, and the arts."</subfield></datafield><datafield ind1=" " ind2=" " tag="500"><subfield code="a">Publishers: Hotchkiss &amp; Newson, 1846-&lt;1847&gt;; T.M. Newson, &lt;Jan. 13, 1848-July 1, 1852&gt;.</subfield></datafield><datafield ind1=" " ind2=" " tag="530"><subfield code="a">Available on microfilm from New England Micrographics, Marlboro, Mass.</subfield></datafield><datafield ind1=" " ind2=" " tag="580"><subfield code="a">Daily ed.: Daily Derby journal, 1850-1851.</subfield></datafield><datafield ind1=" " ind2="0" tag="651"><subfield code="a">Birmingham (Conn.)</subfield><subfield code="v">Newspapers.</subfield></datafield><datafield ind1=" " ind2="0" tag="651"><subfield code="a">Derby (Conn.)</subfield><subfield code="v">Newspapers.</subfield></datafield><datafield ind1=" " ind2=" " tag="752"><subfield code="a">United States</subfield><subfield code="b">Connecticut</subfield><subfield code="c">New Haven</subfield><subfield code="d">Derby.</subfield></datafield><datafield ind1="1" ind2=" " tag="775"><subfield code="t">Daily Derby journal</subfield><subfield code="w">(DLC)sn 94053094</subfield><subfield code="w">(OCoLC)30576170</subfield></datafield><datafield ind1="0" ind2="0" tag="785"><subfield code="t">Valley messenger</subfield><subfield code="w">(DLC)sn 93053711</subfield><subfield code="w">(OCoLC)27272113</subfield></datafield></record>